@book{breiman,
    author = "Breiman, Leo AND Friedman, Jerome H. AND Olshen, Richard A. AND Stone, Charles J.",
    title = "Classification and Regression Trees",
    publisher = "CRC Press",
    year = "1984"
}
@book{duda,
    author = "Richard Duda and Peter Hart and David Stork",
    title = "Pattern Classification",
    publisher = "Wiley",
    year = "2001"
}
@misc{feigenbaum,
    author = "Edward A. Feigenbaum and Herbert Alexander Simon",
    title = "Performance of a Reading Task by an Elementary Perceiving and Memorizing Program",
    institution = "US Military",
    year = "1961"
}
@book{lima,
    author = "Manuel Lima",
    title = "The Book of Trees: Visualizing Branches of Knowledge",
    publisher = "Princeton Architectural Press",
    year = "2014"
}

@book{ma,
    author = "Xin Ma",
    title = "Using Classification and Regression Trees: A Practical Primer",
    publisher = "Information Age Publishing",
    year = "2018"
}
@misc{martink,
    author = "Martin Kryzwinski and Naomi Altman",
    title = "Classification and Regression Trees",
    journal = "Nature Methods, Vol. 14, Iss. 8",
    year = "2017"
}
@manual{matlab,
    title = "MATLAB Statistics and Machine Learning Toolbox: fitctree",
    author = "The MathWorks Inc.",
    URL = "https://www.mathworks.com/help/stats/fitctree.html"
    
}
@misc{quinlan,
    author = "J.R. Quinlan",
    title = "Induction of Decision Trees",
    journal = "Machine Learning, 1",
    year = "1986"
}

@book{zhang,
    author = "Heping Zhang and Burton Singer",
    title = "Recursive Partitioning in the Health Sciences",
    publisher = "Springer New York",
    year = "1999"
}

